@Book{xie2015,
  title = {Dynamic Documents with {R} and knitr},
  author = {Yihui Xie},
  publisher = {Chapman and Hall/CRC},
  address = {Boca Raton, Florida},
  year = {2015},
  edition = {2nd},
  note = {ISBN 978-1498716963},
  url = {http://yihui.name/knitr/},
}

@article{Pietzke2014,
  title = {Decoding the dynamics of cellular metabolism and the action of 3-bromopyruvate and 2-deoxyglucose using pulsed stable  isotope-resolved metabolomics},
  author = {Pietzke, Matthias and Zasada, Christin and Mudrich, Susann and Kempa, Stefan},
  doi = {10.1186/2049-3002-2-9},
  journal = {Cancer {\&} metabolism},
  volume = {2},
  month = {jan},
  number = {1},
  pages = {9},
  pmid = {25035808},
  year = {2014},
}


